@ARTICLE{lin,
       author = {{Lin}, Yen-Ting and {Mohr}, Joseph J.},
        title = "{K-band Properties of Galaxy Clusters and Groups: Brightest Cluster Galaxies and Intracluster Light}",
      journal = {\apj},
     keywords = {Cosmology: Observations, Galaxies: Clusters: General, Galaxies: Elliptical and Lenticular, cD, Infrared: Galaxies, Astrophysics},
         year = "2004",
        month = "Dec",
       volume = {617},
       number = {2},
        pages = {879-895},
          doi = {10.1086/425412},
archivePrefix = {arXiv},
       eprint = {astro-ph/0408557},
 primaryClass = {astro-ph},
       adsurl = {https://ui.adsabs.harvard.edu/abs/2004ApJ...617..879L},
      adsnote = {Provided by the SAO/NASA Astrophysics Data System}
}