% LTeX: enabled=false
% Tidy bib file: https://flamingtempura.github.io/bibtex-tidy/index.html?opt=%7B%22modify%22%3Atrue%2C%22curly%22%3Atrue%2C%22numeric%22%3Atrue%2C%22months%22%3Afalse%2C%22space%22%3A2%2C%22tab%22%3Afalse%2C%22align%22%3A13%2C%22blankLines%22%3Atrue%2C%22sort%22%3A%5B%22key%22%5D%2C%22duplicates%22%3A%5B%22key%22%5D%2C%22stripEnclosingBraces%22%3Afalse%2C%22dropAllCaps%22%3Afalse%2C%22escape%22%3Afalse%2C%22sortFields%22%3A%5B%22title%22%2C%22shorttitle%22%2C%22author%22%2C%22year%22%2C%22month%22%2C%22day%22%2C%22journal%22%2C%22booktitle%22%2C%22location%22%2C%22on%22%2C%22publisher%22%2C%22address%22%2C%22series%22%2C%22volume%22%2C%22number%22%2C%22pages%22%2C%22doi%22%2C%22isbn%22%2C%22issn%22%2C%22url%22%2C%22urldate%22%2C%22copyright%22%2C%22category%22%2C%22note%22%2C%22metadata%22%5D%2C%22stripComments%22%3Afalse%2C%22trailingCommas%22%3Afalse%2C%22encodeUrls%22%3Afalse%2C%22tidyComments%22%3Atrue%2C%22removeEmptyFields%22%3Afalse%2C%22removeDuplicateFields%22%3Afalse%2C%22lowercase%22%3Atrue%2C%22backup%22%3Atrue%7D

@article{mcmahon2013vhs,
  title        = {{First Scientific Results from the VISTA Hemisphere Survey (VHS)}},
  author       = {{McMahon}, R.~G. and {Banerji}, M. and {Gonzalez}, E. and {Koposov}, S.~E. and {Bejar}, V.~J. and {Lodieu}, N. and {Rebolo}, R. and {VHS Collaboration}},
  year         = 2013,
  month        = dec,
  journal      = {The Messenger},
  volume       = 154,
  pages        = {35--37},
  adsurl       = {https://ui.adsabs.harvard.edu/abs/2013Msngr.154...35M},
  adsnote      = {Provided by the SAO/NASA Astrophysics Data System}
}

@article{oliveira2019splus,
  title        = {{The Southern Photometric Local Universe Survey (S-PLUS): improved SEDs, morphologies, and redshifts with 12 optical filters}},
  author       = {{Mendes de Oliveira}, C. and {Ribeiro}, T. and {Schoenell}, W. and {Kanaan}, A. and {Overzier}, R.~A. and {Molino}, A. and {Sampedro}, L. and {Coelho}, P. and {Barbosa}, C.~E. and {Cortesi}, A. and {Costa-Duarte}, M.~V. and {Herpich}, F.~R. and {Hernand ez-Jimenez}, J.~A. and {Placco}, V.~M. and {Xavier}, H.~S. and {Abramo}, L.~R. and {Saito}, R.~K. and {Chies-Santos}, A.~L. and {Ederoclite}, A. and {Lopes de Oliveira}, R. and {Gon{\c{c}}alves}, D.~R. and {Akras}, S. and {Almeida}, L.~A. and {Almeida-Fernandes}, F. and {Beers}, T.~C. and {Bonatto}, C. and {Bonoli}, S. and {Cypriano}, E.~S. and {Vinicius-Lima}, E. and {de Souza}, R.~S. and {Fabiano de Souza}, G. and {Ferrari}, F. and {Gon{\c{c}}alves}, T.~S. and {Gonzalez}, A.~H. and {Guti{\'e}rrez-Soto}, L.~A. and {Hartmann}, E.~A. and {Jaffe}, Y. and {Kerber}, L.~O. and {Lima-Dias}, C. and {Lopes}, P.~A.~A. and {Menendez-Delmestre}, K. and {Nakazono}, L.~M.~I. and {Novais}, P.~M. and {Ortega-Minakata}, R.~A. and {Pereira}, E.~S. and {Perottoni}, H.~D. and {Queiroz}, C. and {Reis}, R.~R.~R. and {Santos}, W.~A. and {Santos-Silva}, T. and {Santucci}, R.~M. and {Barbosa}, C.~L. and {Siffert}, Beatriz B. and {Sodr{\'e}}, L. and {Torres-Flores}, S. and {Westera}, P. and {Whitten}, D.~D. and {Alcaniz}, J.~S. and {Alonso-Garc{\'\i}a}, Javier and {Alencar}, S. and {Alvarez-Cand al}, A. and {Amram}, P. and {Azanha}, L. and {Barb{\'a}}, R.~H. and {Bernardinelli}, P.~H. and {Borges Fernandes}, M. and {Branco}, V. and {Brito-Silva}, D. and {Buzzo}, M.~L. and {Caffer}, J. and {Campillay}, A. and {Cano}, Z. and {Carvano}, J.~M. and {Castejon}, M. and {Cid Fernandes}, R. and {Dantas}, M.~L.~L. and {Daflon}, S. and {Damke}, G. and {de la Reza}, R. and {de Melo de Azevedo}, L.~J. and {De Paula}, D.~F. and {Diem}, K.~G. and {Donnerstein}, R. and {Dors}, O.~L. and {Dupke}, R. and {Eikenberry}, S. and {Escudero}, Carlos G. and {Faifer}, Favio R. and {Far{\'\i}as}, H. and {Fernandes}, B. and {Fernandes}, C. and {Fontes}, S. and {Galarza}, A. and {Hirata}, N.~S.~T. and {Katena}, L. and {Gregorio-Hetem}, J. and {Hern{\'a}ndez-Fern{\'a}ndez}, J.~D. and {Izzo}, L. and {Jaque Arancibia}, M. and {Jatenco-Pereira}, V. and {Jim{\'e}nez-Teja}, Y. and {Kann}, D.~A. and {Krabbe}, A.~C. and {Labayru}, C. and {Lazzaro}, D. and {Lima Neto}, G.~B. and {Lopes}, Amand a R. and {Magalh{\~a}es}, R. and {Makler}, M. and {de Menezes}, R. and {Miralda-Escud{\'e}}, J. and {Monteiro-Oliveira}, R. and {Montero-Dorta}, A.~D. and {Mu{\~n}oz-Elgueta}, N. and {Nemmen}, R.~S. and {Nilo Castell{\'o}n}, J.~L. and {Oliveira}, A.~S. and {Ort{\'\i}z}, D. and {Pattaro}, E. and {Pereira}, C.~B. and {Quint}, B. and {Riguccini}, L. and {Rocha Pinto}, H.~J. and {Rodrigues}, I. and {Roig}, F. and {Rossi}, S. and {Saha}, Kanak and {Santos}, R. and {Schnorr M{\"u}ller}, A. and {Sesto}, Leandro A. and {Silva}, R. and {Smith Castelli}, Analia V. and {Teixeira}, R. and {Telles}, E. and {Thom de Souza}, R.~C. and {Th{\"o}ne}, C. and {Trevisan}, M. and {de Ugarte Postigo}, A. and {Urrutia-Viscarra}, F. and {Veiga}, C.~H. and {Vika}, M. and {Vitorelli}, A.~Z. and {Werle}, A. and {Werner}, S.~V. and {Zaritsky}, D.},
  year         = 2019,
  month        = oct,
  journal      = {\mnras},
  volume       = 489,
  number       = 1,
  pages        = {241--267},
  doi          = {10.1093/mnras/stz1985},
  keywords     = {surveys, stars: general, galaxies: clusters: general, galaxies: photometry, quasars: general, Astrophysics - Astrophysics of Galaxies, Astrophysics - Cosmology and Nongalactic Astrophysics, Astrophysics - High Energy Astrophysical Phenomena, Astrophysics - Instrumentation and Methods for Astrophysics, Astrophysics - Solar and Stellar Astrophysics},
  archiveprefix = {arXiv},
  eprint       = {1907.01567},
  primaryclass = {astro-ph.GA},
  adsurl       = {https://ui.adsabs.harvard.edu/abs/2019MNRAS.489..241M},
  adsnote      = {Provided by the SAO/NASA Astrophysics Data System}
}

@article{martin2005galex,
  title        = {{The Galaxy Evolution Explorer: A Space Ultraviolet Survey Mission}},
  author       = {{Martin}, D. Christopher and {Fanson}, James and {Schiminovich}, David and {Morrissey}, Patrick and {Friedman}, Peter G. and {Barlow}, Tom A. and {Conrow}, Tim and {Grange}, Robert and {Jelinsky}, Patrick N. and {Milliard}, Bruno and {Siegmund}, Oswald H.~W. and {Bianchi}, Luciana and {Byun}, Yong-Ik and {Donas}, Jose and {Forster}, Karl and {Heckman}, Timothy M. and {Lee}, Young-Wook and {Madore}, Barry F. and {Malina}, Roger F. and {Neff}, Susan G. and {Rich}, R. Michael and {Small}, Todd and {Surber}, Frank and {Szalay}, Alex S. and {Welsh}, Barry and {Wyder}, Ted K.},
  year         = 2005,
  month        = jan,
  journal      = {\apjl},
  volume       = 619,
  number       = 1,
  pages        = {L1-L6},
  doi          = {10.1086/426387},
  keywords     = {Galaxies: Evolution, Galaxies: General, Space Vehicles: Instruments, Surveys, Ultraviolet: Galaxies, Ultraviolet: General, Astrophysics},
  archiveprefix = {arXiv},
  eprint       = {astro-ph/0411302},
  primaryclass = {astro-ph},
  adsurl       = {https://ui.adsabs.harvard.edu/abs/2005ApJ...619L...1M},
  adsnote      = {Provided by the SAO/NASA Astrophysics Data System}
}

@article{sanchez2010des,
  title        = {The Dark Energy Survey},
  author       = {E S{\'{a}}nchez},
  year         = 2010,
  journal      = {Journal of Physics: Conference Series},
  publisher    = {{IOP} Publishing},
  volume       = 259,
  pages        = {012080},
  doi          = {10.1088/1742-6596/259/1/012080},
  url          = {https://doi.org/10.1088/1742-6596/259/1/012080}
}

@article{ivezic2008lsst,
  title        = {Large Synoptic Survey Telescope: From science drivers to reference design},
  author       = {Z. Ivezic and T. Axelrod and W.N. Brandt and D.L. Burke and C.F. Claver and A. Connolly and K.H. Cook and P. Gee and D.K. Gilmore and S.H. Jacoby and R.L. Jones and S.M. Kahn and J.P. Kantor and V. Krabbendam and R.H. Lupton and D.G. Monet and P.A. Pinto and A. Saha and T.L. Schalk and D.P. Schneider},
  year         = 2008,
  journal      = {Serbian Astronomical Journal},
  publisher    = {National Library of Serbia},
  number       = 176,
  pages        = {1--13},
  doi          = {10.2298/saj0876001i},
  url          = {https://doi.org/10.2298/saj0876001i}
}